%%% CITATION SYNTAX - ~\cite{hank}

@book {gouvea,
    AUTHOR = {Gouv{\^e}a, Fernando Q.},
     TITLE = {{$p$}-adic numbers},
    SERIES = {Universitext},
      NOTE = {An introduction},
 PUBLISHER = {Springer-Verlag, Berlin},
      YEAR = {1993},
     PAGES = {vi+282},
      ISBN = {3-540-56844-1},
   MRCLASS = {11S80 (11-01 11S85 12J25 30G06)},
  MRNUMBER = {1251959 (95b:11111)},
MRREVIEWER = {Daniel Barsky},
       DOI = {10.1007/978-3-662-22278-2},
       URL = {http://dx.doi.org/10.1007/978-3-662-22278-2},
}

@book {hank,
    AUTHOR = {Hankerson, Darrel and Menezes, Alfred and Vanstone, Scott},
     TITLE = {Guide to elliptic curve cryptography},
    SERIES = {Springer Professional Computing},
 PUBLISHER = {Springer-Verlag, New York},
      YEAR = {2004},
     PAGES = {xx+311},
      ISBN = {0-387-95273-X},
   MRCLASS = {94A60 (11T71 14G50 94-02)},
  MRNUMBER = {2054891 (2005c:94049)},
MRREVIEWER = {Steven D. Galbraith},
}

@book {silv,
    AUTHOR = {Silverman, Joseph H.},
     TITLE = {The arithmetic of elliptic curves},
    SERIES = {Graduate Texts in Mathematics},
    VOLUME = {106},
 PUBLISHER = {Springer-Verlag, New York},
      YEAR = {1986},
     PAGES = {xii+400},
      ISBN = {0-387-96203-4},
   MRCLASS = {11G05 (14Gxx 14K07 14K15)},
  MRNUMBER = {817210 (87g:11070)},
MRREVIEWER = {Robert S. Rumely},
       DOI = {10.1007/978-1-4757-1920-8},
       URL = {http://dx.doi.org/10.1007/978-1-4757-1920-8},
}

@article {smart,
    AUTHOR = {Smart, N. P.},
     TITLE = {The discrete logarithm problem on elliptic curves of trace
              one},
   JOURNAL = {J. Cryptology},
  FJOURNAL = {Journal of Cryptology. The Journal of the International
              Association for Cryptologic Research},
    VOLUME = {12},
      YEAR = {1999},
    NUMBER = {3},
     PAGES = {193--196},
      ISSN = {0933-2790},
     CODEN = {JOCREQ},
   MRCLASS = {11G20 (11T71 94A60)},
  MRNUMBER = {1698180 (2000b:11069)},
       DOI = {10.1007/s001459900052},
       URL = {http://dx.doi.org/10.1007/s001459900052},
}
